@Online{directenergy,
  title        = "Powering a Google Search: The Facts and Figures",
  URL          = "https://business.directenergy.com/blog/2017/november/powering-a-google-search",
  date         = "2017-11-28",
  author       = "Direct Energy Business",
}

@Article{libos,
  author       = "Anil Madhavapeddy and Richard Mortier and Charalampos
                 Rotsos and David Scott and Balraj Singh and Thomas
                 Gazagnaire and Steven Smith and Steven Hand and Jon
                 Crowcroft",
  title        = "Unikernels: Library Operating Systems for the Cloud",
  year         = "2013",
  issue_date   = "March 2013",
  publisher    = "Association for Computing Machinery",
  address      = "New York, NY, USA",
  volume       = "41",
  number       = "1",
  ISSN         = "0163-5964",
  URL          = "https://doi.org/10.1145/2490301.2451167",
  doi          = "10.1145/2490301.2451167",
  journal      = "SIGARCH Comput. Archit. News",
  month        = mar,
  pages        = "461–472",
  numpages     = "12",
  keywords     = "microkernel, functional programming, hypervisor",
}

@Article{includeos,
  title        = "Include{OS}: a unikernel for {C}++ applications",
  date         = "2017-07-25",
  author       = "Nur Hussein",
  journal      = "LWN.net",
  publisher    = "Eklektix, Inc.",
  URL          = "https://lwn.net/Articles/728682/",
}

@Online{halvm,
  title        = "The Haskell Lightweight Virtual Machine ({HALVM})
                 Source Archive",
  author       = "GaloisInc",
  URL          = "https://github.com/GaloisInc/HaLVM",
  date         = "2018-09-06",
}

@Online{mirageos,
  year         = "2017",
  author       = "{Xen Foundation} and {Linux Foundation}",
  URL          = "https://mirage.io/",
  title        = "Mirage{OS}",
}

@Article{rumprun,
  title        = "Flexible Operating System Internals: The Design and
                 Implementation of the Anykernel and Rump Kernels;
                 Flexible operating systems: Design and implementation
                 of the Kernel and Stub Kernels",
  author       = "Antti Kantee",
  year         = "2012",
  language     = "en",
  pages        = "358",
  keyword      = "operating system kernel architecture; Implementation;
                 open source; operating system kernel architecture;
                 implementation; open source",
  ISBN         = "978-952-60-4917-5 (electronic); 978-952-60-4916-8
                 (printed)",
  ISSN         = "1799-4942 (electronic); 1799-4934 (printed); 1799-4934
                 (ISSN-L)",
  series       = "Aalto University publication series DOCTORAL
                 DISSERTATIONS 171/2012",
  publisher    = "Aalto University",
  type         = "G4 Monograph Dissertation",
  URL          = "http://urn.fi/URN:ISBN:978-952-60-4917-5",
}

@TechReport{nanos,
  author       = "{NanoVMs Inc.}",
  URL          = "https://nanovms.com/whitepapers",
  year         = "2017",
  title        = "Nano{VM}s in Depth",
}

@Online{unikraft,
  title        = "Home — Unikraft",
  author       = "{NEC Laboratories Europe GmbH}",
  URL          = "http://unikraft.org/",
  year         = "2020",
}

@Online{unik,
  title        = "The Unikernel \& Micro{VM} Compilation and Deployment
                 Platform",
  author       = "{Solo IO}",
  date         = "2019-07-17",
  URL          = "https://github.com/solo-io/unik",
}

@InProceedings{fades,
  author       = "Vittorio Cozzolino and Aaron Yi Ding and J{\"{o}}rg
                 Ott",
  title        = "{FADES}: Fine-Grained Edge Offloading with
                 Unikernels",
  year         = "2017",
  ISBN         = "9781450350587",
  publisher    = "Association for Computing Machinery",
  address      = "New York, NY, USA",
  URL          = "https://doi.org/10.1145/3094405.3094412",
  doi          = "10.1145/3094405.3094412",
  booktitle    = "Proceedings of the Workshop on Hot Topics in Container
                 Networking and Networked Systems",
  pages        = "36–41",
  numpages     = "6",
  keywords     = "Edge Computing, IoT, Virtualization",
  location     = "Los Angeles, CA, USA",
  series       = "HotConNet ’17",
}

@InProceedings{ecco,
  author       = "Vittorio Cozzolino and Jörg Ott and {Aaron Yi} Ding
                 and Richard Mortier",
  title        = "{ECCO}: Edge-Cloud Chaining and Orchestration
                 Framework for Road Context Assessment",
  doi          = "10.1109/IoTDI49375.2020.00029",
  ISBN         = "978-1-72816-602-5",
  booktitle    = "Proceedings of the 2020 IEEE/ACM Fifth International
                 Conference on Internet-of-Things Design and
                 Implementation",
  year         = "2020",
}

@Online{pytorchapi,
  author       = "avinassh",
  URL          = "https://github.com/avinassh/pytorch-flask-api",
  title        = "PyTorch Flask {API}",
  date         = "2020-04-05",
}

@Online{mlpack,
  author       = "{mlpack Contributors}",
  URL          = "https://github.com/mlpack/mlpack",
  title        = "{mlpack}",
  year         = "2020",
}

@Online{mlpackcmake,
  author       = "{mlpack Contributors}",
  URL          = "https://github.com/mlpack/mlpack/blob/1c25a1bda52832841efec4e41477bfcfbbbf6f3f/CMakeLists.txt#L30",
  title        = "{mlpack} {CMakeLists.txt}",
  date         = "2020-04-07",
}

@Online{ar,
  author       = "Dave McKay",
  title        = "How to Use Linux’s ar Command to Create Static
                 Libraries",
  date         = "2019-07-08",
  publisher    = "How-To Geek",
  URL          = "https://www.howtogeek.com/427086/how-to-use-linuxs-ar-command-to-create-static-libraries/",
}

@Online{dockerdedup,
  title        = "Question: does Docker / {LXC} de-duplicate memory? If
                 not, is it feasible?",
  author       = "Ron Waldon and Michael Crosby and Akihiro Suda and
                 Sebastiaan {van Stijn} and Peter Gervai and Oliver
                 Veits",
  URL          = "https://github.com/moby/moby/issues/7950",
  date         = "2014-09-09",
}

@InProceedings{ksm,
  author       = "F. {Shaikh} and F. {Yao} and I. {Gupta} and R. H.
                 {Campbell}",
  booktitle    = "2014 IEEE International Conference on Cloud
                 Engineering",
  title        = "{VMD}edup: Memory De-duplication in Hypervisor",
  year         = "2014",
  pages        = "379--384",
}

@Article{sidechannelattacks,
  author       = "Kuniyasu Suzaki and Kengo Iijima and Toshiki Yagi and
                 Cyrille Artho",
  year         = "2011",
  month        = "01",
  title        = "Software Side Channel Attack on Memory Deduplication",
  journal      = "Proceedings of the 23rd ACM Symposium on Operating
                 Systems Principles, Poster",
}

@InProceedings{enhancingprivacy,
  title        = "Enhancing Cloud Security and Privacy: The Unikernel
                 Solution",
  keywords     = "Cloud security and privacy;, management control;,
                 compliance;, complexity",
  author       = "Alfred Bratterud and Andreas Happe and {Robert
                 Anderson Keith} Duncan",
  year         = "2017",
  month        = "2",
  day          = "21",
  language     = "English",
  ISBN         = "9781-612-0852-9-6",
  series       = "Cloud Computing IARIA",
  publisher    = "Curran Associates",
  pages        = "79--86",
  booktitle    = "Eighth International Conference on Cloud Computing,
                 GRIDs, and Virtualization, 19 February 2017 - 23
                 February 2017, Athens, Greece",
}

@Online{myghrepo,
  title        = "Supplementary Materials for {``The Dark Side of
                 Unikernels for Machine Learning''}",
  author       = "Matthew Leon",
  date         = "2020-04-25",
  URL          = "https://github.com/leonm1/unikernel-research-2020",
}
